@book{MCBible,
author = "Christel Baier and Joost-Pieter Katoen",
title = "Principles of Model Checking",
year = "2008",
publisher = "The MIT Press"
}

@techreport{TechReport,
title = "Parameter Identification and Model Ranking of Thomas Networks",
number = "FIMU-RS-2012-03",
year = "2012",
author = "Hannes Klarner and Adam Streck and David Safranek and Juraj Kolcak and Heike Siebert",
institution = "Masaryk University"
}

@article{TCBB2012,
author = {Hannes Klarner and Heike Siebert and Alexander Bockmayr},
title = {Time Series Dependent Analysis of Unparametrized Thomas Networks},
journal ={IEEE/ACM Transactions on Computational Biology and Bioinformatics},
volume = {9},
year = {2012},
pages = {1338-1351},
publisher = {IEEE Computer Society},
address = {Los Alamitos, CA, USA},
}

@Article{TCBB2011,
  pauthor = {Barnat~et~al.,J.},
  author =       "J. Barnat and L. Brim and A. Krejci and A. Streck and D. Safranek and M. Vejnar and T. Vejpustek",
  title =        "{On Parameter Synthesis by Parallel Model Checking}",
  journal =      "IEEE/ACM Transactions on Computational Biology and Bioinformatics",
  volume =       "9",
  number =       "3",
  pages =        "693--705",
  year =         "2012",
  publisher =    "IEEE Computer Society",
}

@book{Boost,
  title={Introduction to the Boost C++ Libraries; Volume I - Foundations},
  author={Demming, R. and Duffy, D.J.},
  year={2010},
  publisher={Datasim Education Bv}
}

@book{XML,
    edition = {Fourth},
    editor = {Bray, Tim and Paoli, Jean and Sperberg-Mcqueen, C. M. and Eve and Yergeau, Fran\c{c}ois},
    month = aug,
    publisher = {W3C},
    series = {W3C Recommendation},
    title = {{Extensible Markup Language (XML) 1.0}},
    year = {2003}
}

@Article{Jon02,
  author =       "H. de Jong",
  title =        "{Modeling and Simulation of Genetic Regulatory Systems: A Literature Review}",
  journal =      "Journal of Computational Biology",
  year =         "2002",
  volume =       "9",
  number =       "1",
  pages =        "67--103"
}

@article{ThomasR1991,
    author = {Thomas, Ren\'{e}},
    journal = {Journal of Theoretical Biology},
    month = nov,
    number = {1},
    pages = {1--23},
    title = {{Regulatory networks seen as asynchronous automata: A logical description}},
    volume = {153},
    year = {1991}
}

@article{Hecker09,
title = "Gene regulatory network inference: Data integration in dynamic models---A review",
journal = "Biosystems",
volume = "96",
number = "1",
pages = "86 - 103",
year = "2009",
author = "Michael Hecker and Sandro Lambeck and Susanne Toepfer and Eugene van Someren and Reinhard Guthke",
}


